@article{brogniez,
issn = {2673-6187},
journal = {Frontiers in remote sensing},
volume = {3},
publisher = {Frontiers Media},
year = {2022},
title = {Time-Delayed Tandem Microwave Observations of Tropical Deep Convection: Overview of the C2OMODO Mission},
copyright = {Attribution - NonCommercial},
language = {eng},
author = {Brogniez, Hélène and Roca, Rémy and Auguste, Franck and Chaboureau, Jean-Pierre and Haddad, Ziad and Munchak, Stephen J. and Li, Xiaowen and Bouniol, Dominique and Dépée, Alexis and Fiolleau, Thomas and Kollias, Pavlos},
keywords = {microwave radiometry ; convective mass flux ; deep convection ; detection of convective updrafts ; Environmental Engineering ; Environmental Sciences ; Ocean Atmosphere ; Sciences of the Universe ; synergy Doppler radar ; time-derivative},
}


@article{Chaboureau,
issn = {2673-6187},
journal = {Frontiers in remote sensing},
pages = {13207--13225},
volume = {3},
publisher = {Frontiers Media},
number = {17},
year = {2022},
title = {Deep Convection as Inferred From the C2OMODO Concept of a Tandem of Microwave Radiometers},
copyright = {Attribution},
language = {eng},
author = {Auguste, Franck and Chaboureau, Jean-Pierre},
keywords = {deep convection ; icy cloud dynamics ; Meso-NH numerical model ; microwave radiometer ; RTTOV ; satellite observation ; Sciences of the Universe},
}

@article{Rochetin_I,
issn = {0022-4928},
journal = {Journal of the atmospheric sciences},
pages = {496--514},
volume = {71},
publisher = {Amer Meteorological Soc},
number = {2},
year = {2014},
title = {Deep Convection Triggering by Boundary Layer Thermals. Part I: LES Analysis and Stochastic Triggering Formulation},
copyright = {Copyright American Meteorological Society Feb 2014},
language = {eng},
address = {BOSTON},
author = {Rochetin, Nicolas and Couvreux, Fleur and Grandpeix, Jean-Yves and Rio, Catherine},
keywords = {Boundary layers ; Boundary layer ; Climatology ; Clouds ; Convection ; Earth Sciences ; General circulation models ; Hypotheses ; Meteorology ; Meteorology & Atmospheric Sciences ; Physical Sciences ; Science & Technology ; Sciences of the Universe ; Semiarid lands ; Statistical analysis},
}

@article{Rochetin_II,
issn = {0022-4928},
journal = {Journal of the atmospheric sciences},
pages = {515--538},
volume = {71},
publisher = {Amer Meteorological Soc},
number = {2},
year = {2014},
title = {Deep Convection Triggering by Boundary Layer Thermals. Part II: Stochastic Triggering Parameterization for the LMDZ GCM},
copyright = {Copyright American Meteorological Society Feb 2014},
language = {eng},
address = {BOSTON},
author = {Rochetin, Nicolas and Grandpeix, Jean-Yves and Rio, Catherine and Couvreux, Fleur},
keywords = {Boundary layers ; Convection modes ; Circulation ; Climatology ; Cold ; Convection ; Derivation ; Earth Sciences ; General circulation models ; Mathematical models ; Meteorology ; Meteorology & Atmospheric Sciences ; Parametrization ; Physical Sciences ; Precipitation ; Science & Technology ; Sciences of the Universe ; Simulation ; Stochasticity ; Trade winds},
}

@phdthesis{Zobisch,
    author = {Isabella Zöbisch},
    title = {Thunderstorms: Life cycle analyses and nowcasting based on multi-source data},
    school = {Dissertation an der Fakultät für Physik der Ludwig Maximilians Universität München},
    year = {2019}, 
}

@article{Byers,
issn = {0095-9634},
journal = {Journal of meteorology.},
pages = {71--86},
volume = {5},
publisher = {American Meteorological Society,},
number = {3},
year = {1948},
title = {Thunderstorm Structure and Circulation},
address = {Boston, MA :},
author = {Byers, Horace R and Braham, Roscoe R},
}

@book{Kerry,
isbn = {9780195066302},
year = {1994},
title = {Atmospheric convection},
language = {eng},
author = {Emanuel, Kerry A},
keywords = {Convection (météorologie)},
lccn = {978-0-19-506630-2},
publisher = {Oxford University Press},
}


@article{storm_lifecycle1,
title = {Mesocyclonic and non-mesocyclonic convective storms in Germany: Storm characteristics and life-cycle},
journal = {Atmospheric Research},
volume = {248},
pages = {105186},
year = {2021},
issn = {0169-8095},
doi = {https://doi.org/10.1016/j.atmosres.2020.105186},
url = {https://www.sciencedirect.com/science/article/pii/S0169809520311224},
author = {Kathrin Wapler}
}

@article{storm_lifecycle2,
    author = {Wilhelm, Jannik and Wapler, Kathrin and Blahak, Ulrich and Potthast, Roland and Kunz,Michael},
    title = {Statistical relevance of meteorological ambient conditions and cell attributes for nowcasting the life cycle of convective storms},
    journal = {Quaterly Journal of the Royal Meteorological Society},
    year = 2023,
    volume = 149,
    number = 755,
    doi = {https://doi.org/10.1002/qj.4505},
    pages = {2252--2280}
}


@article{DarwinAustralia,
      author = "Peter T. May and Deepak K. Rajopadhyaya",
      title = "Vertical Velocity Characteristics of Deep Convection over Darwin, Australia",
      journal = "Monthly Weather Review",
      year = "1999",
      publisher = "American Meteorological Society",
      address = "Boston MA, USA",
      volume = "127",
      number = "6",
      doi = "10.1175/1520-0493(1999)127<1056:VVCODC>2.0.CO;2",
      pages=      "1056 - 1071",
      url = "https://journals.ametsoc.org/view/journals/mwre/127/6/1520-0493_1999_127_1056_vvcodc_2.0.co_2.xml"
}



@article{RYSMAN2021105244,
title = {Global monitoring of deep convection using passive microwave observations},
journal = {Atmospheric Research},
volume = {247},
pages = {105244},
year = {2021},
issn = {0169-8095},
doi = {https://doi.org/10.1016/j.atmosres.2020.105244},
url = {https://www.sciencedirect.com/science/article/pii/S0169809520311819},
author = {Jean-François Rysman and Chantal Claud and Stavros Dafis},
keywords = {Deep moist atmospheric convection, Passive microwave, Atmospheric ice},
}



@Article{lac2018,
AUTHOR = {Lac, C. and Chaboureau, J.-P. and Masson, V. and Pinty, J.-P. and Tulet, P. and Escobar, J. and Leriche, M. and Barthe, C. and Aouizerats, B. and Augros, C. and Aumond, P. and Auguste, F. and Bechtold, P. and Berthet, S. and Bielli, S. and Bosseur, F. and Caumont, O. and Cohard, J.-M. and Colin, J. and Couvreux, F. and Cuxart, J. and Delautier, G. and Dauhut, T. and Ducrocq, V. and Filippi, J.-B. and Gazen, D. and Geoffroy, O. and Gheusi, F. and Honnert, R. and Lafore, J.-P. and Lebeaupin Brossier, C. and Libois, Q. and Lunet, T. and Mari, C. and Maric, T. and Mascart, P. and Mog\'e, M. and Molini\'e, G. and Nuissier, O. and Pantillon, F. and Peyrill\'e, P. and Pergaud, J. and Perraud, E. and Pianezze, J. and Redelsperger, J.-L. and Ricard, D. and Richard, E. and Riette, S. and Rodier, Q. and Schoetter, R. and Seyfried, L. and Stein, J. and Suhre, K. and Taufour, M. and Thouron, O. and Turner, S. and Verrelle, A. and Vi\'e, B. and Visentin, F. and Vionnet, V. and Wautelet, P.},
TITLE = {Overview of the Meso-NH model version 5.4 and its applications},
JOURNAL = {Geoscientific Model Development},
VOLUME = {11},
YEAR = {2018},
NUMBER = {5},
PAGES = {1929--1969},
URL = {https://gmd.copernicus.org/articles/11/1929/2018/},
DOI = {10.5194/gmd-11-1929-2018}
}


@Article{maury,
AUTHOR = {Maury, N. and Roberts, G. C. and Couvreux, F. and Verdu, T. and Narvor, P. and Villefranque, N. and Lacroix, S. and Hattenberger, G.},
TITLE = {Use of large-eddy simulations to design an adaptive sampling strategy to assess cumulus cloud heterogeneities by remotely piloted aircraft},
JOURNAL = {Atmospheric Measurement Techniques},
VOLUME = {15},
YEAR = {2022},
NUMBER = {2},
PAGES = {335--352},
URL = {https://amt.copernicus.org/articles/15/335/2022/},
DOI = {10.5194/amt-15-335-2022}
}

@article{Spearman,
issn = {1330-7142},
journal = {Poljoprivreda (Osijek, Croatia)},
pages = {47--54},
volume = {21},
publisher = {Faculty of Agrobitechnical Sciences Osijek},
number = {2},
year = {2015},
title = {Pearson's or Spearman's correlation coefficient - Which one to use?},
language = {eng},
author = {Rebekić, Andrijana and Lončarić, Zdenko and Petrović, Sonja and Marić, Sonja},
keywords = {frequency distribution ; linear relationship ; log 10 transformation ; outliers ; winter wheat},
organization = {J.J. Strossmayer University of Osijek, Faculty of Agriculture in Osijek, Croatia},
}

@misc{OMM,
  author = {{Organisation Météorologique Mondiale}},
  title = {Atlas International des Nuages},
  howpublished = {\url{https://cloudatlas.wmo.int/fr/glossary.html}},
  note = {Accès le : 2025-05-26},
  year = 2024
}